@book{misra2011global,
    title="Global Positioning System: Signals, Measurements, and Performance",
    author="Misra, P. and Enge, P.",
    isbn="9780970954428",
    year="2011",
    publisher="Ganga-Jamuna Press"
}

@misc{sac_rules2017,
    organization="Spaceport America Cup",
    title="Intercollegiate Rocket Engineering Competition Rules \& Requirements",
    year="2017",
    url="http://www.soundingrocket.org/sa-cup-documents--forms.html"
}

@misc{aris,
    organization="ARIS",
    title="Swiss Space Initiative",
    year="2018",
    url="https://aris-space.ch/"
}